2984 4900
239 407 325 475 8292
584 421 694 473 noun
718 421 919 471 vuuiouuu
949 422 989 470 uu

241 568 318 618 ‘Hoc
333 563 463 618 nitentium
479 565 505 615 ln
521 579 564 616 me
576 557 706 616 audiendo
717 577 771 614 uer·
811 563 896 615 tare:'
922 562 966 614 ubi
989 561 1049 613 ride
1070 562 1097 616 J.
1118 562 1147 613 1³.
1170 561 1343 614 Gronouinui.

241 641 419 692 mudumeatss
430 641 515 705 Sigom
533 641 773 692 AdsentiorFrein·
809 643 952 691 ‘Tractare
971 638 1172 704 rempublicam'
1190 638 1296 688 Selluet.
1314 638 1342 687 in

241 722 339 771 alueuuio
355 720 505 771 emendanti
522 721 627 770 eudemi
640 721 772 770 dmuuaut.
810 720 869 768 Cat.
880 722 954 767 mol.
970 715 1106 778 ‘Triginta
1115 716 1183 764 viror
1192 715 1343 778 inposuere,

242 797 393 847 Ammianus
409 810 457 848 xv.
472 800 498 845 8.
512 794 598 845 ‘Fixo
614 793 694 859 gradu
711 807 772 843 con·
809 795 852 860 qni
865 793 1050 858 rempublicam
1064 806 1153 842 corum
1168 798 1315 842 tractarent
1325 789 1344 839 ι’

242 875 304 923 riute
322 874 393 923 inter
410 871 545 937 signiferos
562 872 643 935 ipaoa,
658 868 772 919 audendi
810 872 854 920 ubi
878 872 939 920 vide
961 871 1088 921 Curtium.
1121 870 1173 919 Uni
1196 877 1293 931 tamen,
1316 872 1345 916 et

243 951 270 999 in
291 958 408 1013 tempore
433 949 614 1000 conaidcratua
640 945 774 997 hortator!
811 947 916 1013 quidem
927 949 996 1008 hoio,
1004 946 1088 998 codici
1100 944 1177 997 fidem
1188 947 1296 1005 habere,
1305 946 1345 993 ni·

244 1027 332 1079 Helm.
355 1026 518 1078 audientium:
543 1026 608 1073 aliua
623 1023 774 1073 ammodum.
811 1026 858 1075 mie
870 1025 1035 1075 temerarium
1047 1031 1119 1089 puto.
1144 1023 1270 1073 Similiter
1279 1020 1345 1070 Oui·

242 1106 269 1156 d·
278 1106 308 1155 F.
317 1105 400 1155 (lton.
426 1102 581 1154 Emendatio
591 1101 647 1150 irae
659 1101 775 1151 Freinalu.
811 1101 869 1150 diua
880 1100 939 1150 Ain.
950 1099 1026 1164 Eleg.
1037 1113 1068 1149 ιι.
1081 1103 1106 1148 8.
1117 1103 1142 1147 7.
1165 1099 1244 1147 ‘Non
1256 1102 1286 1145 tu
1298 1109 1345 1144 ua·

242 1185 324 1230 utrum
342 1179 383 1244 qm'
399 1179 504 1229 uudmdi
517 1179 645 1228 dumtaxat
658 1175 775 1227 obcurrit
812 1184 854 1228 tna
866 1191 944 1241 equo,
961 1190 1012 1226 nou
1033 1174 1146 1225 t'ortibua
1161 1173 1232 1223 ntilis
1250 1172 1346 1230 armie;

242 1256 270 1306 in
288 1257 345 1320 cjuia
365 1256 434 1306 notia
448 1254 482 1306 ad
503 1254 590 1304 Curtii
608 1267 646 1304 rx.
662 1258 687 1303 2.
707 1254 775 1316 §illu
812 1253 915 1302 Bellica
933 1266 985 1301 uon
1004 1250 1105 1301 dextrae
1127 1248 1249 1299 conuenit
1269 1249 1345 1296 naam

245 1333 440 1384 Omneaautem
453 1330 774 1383 meicouatauteruudiea-
812 1335 874 1377 tium.
907 1323 1202 1376 Istamureatrnctcut.¹
1235 1323 1349 1372 Fortu.

243 1413 288 1460 deta
308 1408 460 1473 pratorum,
480 1407 547 1472 quod
570 1421 617 1470 pro
634 1405 775 1456 ‘obedire'
812 1409 869 1456 887.
886 1404 1021 1467 ‘Dumque
1031 1416 1111 1451 aeuex
1122 1408 1220 1450 tractat
1228 1400 1348 1464 equulco·

244 1483 422 1548 accipiendum
445 1499 501 1534 oeae
519 1496 625 1533 moneor
644 1482 775 1546 Sigonius,
813 1485 849 1533 tia
861 1484 913 1533 tela
926 1495 1035 1538 ueneno,
1046 1478 1164 1539 Excidit,
1173 1485 1202 1527 et
1211 1478 1278 1526 laeuo
1293 1475 1348 1525 fixe

245 1562 312 1611 mule
327 1560 378 1610 huc
394 1559 532 1611 advocarit
551 1560 634 1610 locum
651 1574 684 1609 ex
700 1574 724 1608 c.
734 1563 776 1610 88.
812 1559 907 1620 sagitta
920 1558 988 1622 pede
999 1556 1059 1606 eat!
1085 1555 1140 1606 Cic.
1152 1556 1178 1604 iu
1190 1554 1273 1603 Bruto
1285 1567 1309 1602 c.
1321 1556 1347 1601 2.

244 1639 319 1702 liujua
331 1637 399 1698 libri,
410 1636 454 1687 ubi
469 1634 596 1686 ‘audire'
611 1641 687 1685 notat
701 1634 776 1685 ‘eon
813 1636 892 1686 ‘Non
910 1632 1072 1684 auctoritatis
1089 1631 1167 1681 ermis
1183 1642 1262 1694 egere
1279 1641 1348 1678 reun-

245 1715 390 1764 cionautern
402 1712 511 1774 entire:
520 1720 549 1762 ut
559 1712 647 1762 Liuius
659 1712 744 1777 iuquit
756 1727 775 1763 1.
813 1712 954 1778 publicam,
971 1724 1030 1774 quur
1048 1708 1190 1758 didiceram
1212 1703 1347 1756 tractura.¹

244 1796 286 1843 28.
319 1792 354 1842 Ει
372 1791 409 1842 ita
423 1790 493 1841 torte
510 1804 578 1840 nunc
591 1791 668 1839 etiam
680 1789 777 1855 exponi
813 1789 907 1841 Horat.
917 1786 1001 1852 Epist.
1013 1798 1033 1834 1.
1045 1789 1086 1834 18.
1095 1788 1135 1840 52.
1152 1781 1248 1846 ‘adde,
1260 1779 1348 1832 virilia

245 1869 337 1930 dubet,
355 1876 394 1931 ut,
413 1866 627 1931 quemadmodum
649 1867 698 1916 lroo
718 1867 776 1916 loco
814 1866 882 1931 quod
902 1863 1043 1927 apecioaiue
1061 1875 1134 1911 arma
1152 1862 1213 1911 Non
1231 1867 1281 1916 eet,
1301 1858 1347 1921 qni

244 1943 352 1993 ‘andire
375 1940 538 2006 magnificum
566 1939 778 2004 adhortatorem‚'
814 1940 932 1993 tractat?
971 1941 1094 1991 Ceterum
1122 1937 1226 1986 indocta
1253 1935 1349 1995 litorii,

245 2021 284 2069 aio
295 2027 386 2070 contra
401 2018 570 2070 ‘adhortandi
579 2017 777 2080 cauatamagni·
815 2019 875 2069 olim
887 2018 1009 2069 continua
1019 2015 1086 2065 acria
1097 2014 1211 2078 scriptia,
1226 2013 1253 2062 iu
1270 2025 1348 2061 rocca

247 2096 296 2147 fiee
308 2095 394 2161 loqoi’
410 2098 445 2148 eit
456 2109 516 2146 xxi.
526 2099 568 2146 m.
586 2096 636 2144 niai
648 2096 705 2159 quie
717 2108 777 2144 cum
815 2096 991 2158 diuisique-m
1005 2092 1118 2149 remedio.
1130 2106 1177 2155 pro
1191 2088 1284 2141 meari
1298 2103 1349 2139 me·

246 2172 362 2225 Freinilr.
384 2189 415 2223 ec
437 2174 552 2224 Gronov.
572 2172 675 2221 cudendi
696 2171 779 2221 malit.
814 2173 865 2235 diu,
883 2174 952 2222 Flor.
967 2170 1060 2221 centuri
1075 2168 1154 2218 medin
1168 2169 1236 2232 mole,
1252 2166 1349 2217 omina·

246 2251 370 2299 ceterum
386 2264 475 2311 aemon,
493 2262 541 2312 pro
562 2253 651 2311 utram,
668 2248 778 2311 praefert
815 2249 900 2299 media
911 2247 1093 2314 praepositione
1104 2246 1142 2307 ia,
1157 2243 1233 2295 Harl.
1244 2242 1308 2305 duo,
1319 2250 1348 2294 et

247 2323 322 2373 Leid.
336 2329 362 2374 2.
373 2324 406 2373 de
417 2339 469 2389 quo
480 2338 568 2374 errore
579 2323 638 2373 eide
649 2324 681 2373 ad
695 2338 726 2374 ιι.
738 2329 777 2376 17.
815 2326 889 2376 Ροιι.
904 2324 951 2375 aed
966 2340 999 2374 ee
1014 2324 1163 2384 intercepta
1174 2329 1215 2371 eat
1232 2336 1248 2371 a
1264 2320 1349 2384 prirne

248 2402 296 2464 §m
313 2398 439 2465 quidcem
453 2401 479 2450 iu
496 2399 572 2451 Harl.
581 2405 606 2451 2.
620 2407 647 2451 ιι
665 2400 777 2452 Gaertu.
814 2405 891 2456 litera
903 2403 973 2453 rocio
984 2415 1040 2467 aeq.
1072 2399 1140 2450 Vide
1151 2397 1184 2449 ad
1197 2411 1311 2450 auxum.
1324 2401 1348 2446 1.

249 2478 297 2527 Vir
310 2479 401 2528 doetus
416 2476 450 2528 ud
467 2478 611 2543 marginem
626 2477 670 2528 ed.
689 2478 779 2527 Curio·
814 2482 864 2544 §2
898 2481 933 2531 Et
950 2485 1020 2529 amat
1036 2492 1109 2541 aaepe
1123 2476 1210 2526 Livius
1222 2474 1349 2539 propert·

248 2555 286 2605 nia
303 2555 414 2618 conjecit
431 2555 569 2619 legendum
582 2560 778 2620 cruentorumque
814 2558 898 2609 tiooee
919 2556 1018 2606 medina
1044 2557 1112 2605 inter
1133 2552 1297 2603 uubatautlue
1319 2557 1349 2601 et

246 2631 384 2688 Madet,
397 2630 421 2679 ld
439 2639 489 2690 θεῖ.
503 2632 550 2680 ‘et
567 2637 653 2681 utrum
672 2632 777 2682 audien·
814 2632 947 2698 adjective
969 2645 1075 2695 ponere.
1108 2628 1178 2678 Vide
1201 2627 1233 2676 ad
1255 2640 1286 2676 ιι.
1307 2630 1349 2676 19.

247 2705 312 2755 dua!
335 2704 618 2771 l⁷idcadrru.t⁰.§t.
651 2706 777 2771 sedpro·
813 2714 861 2776 qs.
895 2702 1346 2774 lieniquevoxpugaaeomittitnriu

246 2782 366 2845 nomioie,
383 2781 452 2848 qnod
474 2782 566 2848 reliqui
588 2798 678 2834 omuea
700 2784 776 2836 codd.
813 2787 887 2839 Laid.
897 2792 924 2838 2.

248 2867 364 2921 tuentur,
377 2859 494 2908 mutandi
504 2875 618 2911 muriam
630 2875 681 2910 non
693 2860 779 2913 uideo.
846 2868 861 2930 8
872 2869 903 2916 12
921 2865 998 2914 Facto
1008 2875 1069 2923 meo,
1079 2875 1125 2910 nm
1134 2860 1210 2917 dicim
1220 2870 1271 2918 one,
1282 2856 1349 2906 mili·

246 2934 312 2984 Mox
322 2949 408 2998 capum
422 2935 545 2986 acribitur
555 2937 582 2986 iu
594 2939 659 2988 Lov.
670 2942 694 2988 8.
706 2938 776 3003 quod
813 2947 859 3002 teo,
868 2940 959 3004 iuquit]
974 2937 1007 2988 'ro
1017 2936 1095 3002 inquit
1106 2937 1181 2985 decet
1195 2934 1223 2984 iu
1234 2933 1349 2984 Gaertn.

246 3024 298 3061 non
308 3011 429 3076 inprobat
443 3014 585 3079 Demquei.
603 3011 638 3064 de
651 3014 777 3080 Orthogr.
814 3017 950 3068 Praeterea
958 3010 1350 3076 Fmamumpromeuullock·

246 3094 315 3151 pert.
327 3100 381 3137 aec.
393 3088 420 3138 iu
434 3104 466 3138 ea
477 3104 550 3140 roca.
814 3094 867 3144 ieu.
881 3093 956 3157 cujus
971 3093 1075 3142 librario
1093 3090 1179 3139 adhuc
1189 3086 1348 3137 obversaba-

281 3164 332 3221 Qat'
348 3169 372 3216 et
389 3166 440 3230 ipae
457 3167 505 3215 tela
521 3170 635 3230 truciore,
652 3169 778 3231 procedere
815 3177 859 3220 tur
876 3170 920 3219 illa
932 3182 1058 3233 nomque
1075 3164 1152 3215 modo
1167 3171 1348 3228 precesserat.

245 3240 489 3305 unteuignqnerauri
499 3244 576 3293 medin
587 3243 778 3308 inmolcpagnn
815 3246 908 3295 Paullo
927 3252 985 3309 poat
1003 3259 1034 3294 ee
1050 3241 1209 3306 omnnium,
1229 3254 1277 3304 pro
1294 3255 1350 3301 aee,

245 3319 320 3385 aciat]
343 3322 466 3372 Voculam
487 3328 511 3374 et
532 3323 635 3386 ignorat
655 3325 731 3374 Vota.
752 3330 777 3375 2.
815 3322 892 3373 Harl·
913 3326 937 3370 1.

245 3392 298 3460 ineu
316 3399 363 3448 telo
379 3403 484 3448 tremore
501 3397 608 3462 praefert
625 3398 667 3451 ed.
687 3400 777 3451 Perna.
849 3399 905 3449 Non
910 3397 1058 3460 sectionibus
1068 3398 1143 3457 modo,
1151 3409 1193 3445 ιιι
1200 3408 1245 3458 per
1255 3394 1348 3443 concio·

245 3473 296 3536 ipae
308 3479 386 3523 cetero
401 3479 506 3525 tractore
515 3475 590 3525 Laid·
600 3479 625 3525 2.
638 3482 665 3525 ct
677 3475 741 3526 Lov.
752 3480 778 3527 1.
814 3492 857 3527 aee
870 3478 973 3526 adiutae
985 3474 1113 3538 nobilibus]
1130 3471 1246 3522 'lametii
1259 3472 1348 3536 paullo

245 3550 298 3612 ipae
311 3550 372 3601 dello
387 3556 492 3601 tructure
506 3551 580 3602 Harl.
591 3556 616 3601 2.
650 3552 735 3617 Supra
749 3568 777 3603 v.
814 3560 876 3604 ente
898 3552 1064 3616 praeceaaerit
1081 3550 1187 3599 uerbum
1208 3550 1286 3611 modo,
1308 3555 1348 3599 ta·

247 3629 288 3678 12.
304 3627 421 3677 ‘deditio
440 3626 567 3679 luteutina
588 3627 686 3694 majore
708 3630 776 3679 mole
815 3644 883 3693 men,
900 3630 951 3679 luoc
970 3629 1027 3678 loco
1039 3627 1100 3692 qnid
1119 3626 1169 3677 aibi
1186 3627 1260 3687 velit,
1277 3625 1347 3675 hand

246 3709 346 3763 coorta,
374 3718 449 3769 quem
477 3704 545 3755 bella
581 3707 779 3758 tractabantur!
814 3708 935 3776 equidem
948 3706 1074 3769 intelligo,
1086 3719 1145 3754 anm
1160 3704 1258 3768 abique
1268 3718 1301 3752 eo
1312 3704 1349 3753 ait

245 3777 342 3830 Juatin.
359 3791 398 3828 tx.
415 3783 439 3828 8.
455 3780 525 3831 ‘Hic
541 3792 643 3845 aperte,
654 3783 699 3833 ille
716 3785 777 3835 erti-
814 3787 891 3849 longe
903 3782 1056 3833 luculentior
1067 3794 1168 3830 uenuua.
1186 3780 1257 3829 Glor.
1284 3779 1348 3829 Gla·

247 3854 295 3903 bna
307 3854 376 3902 bella
388 3856 536 3905 tractabw
553 3871 627 3910 nu.
637 3864 661 3909 u.
676 3860 776 3924 ‘Quin
815 3875 908 3912 reunua
920 3857 1061 3908 tollendam
1072 3870 1161 3907 rocem
1177 3857 1244 3907 modo
1261 3863 1349 3921 putat.

247 3942 281 3994 pe
293 3929 368 3978 aliter
379 3929 459 3991 dornl‚
470 3930 546 3980 aliter
556 3929 620 3981 sorio
630 3933 698 3985 belle
709 3942 776 3986 tuac·
814 3937 876 4002 qula
887 3935 979 3987 eadem
987 3947 1087 3999 quoqne
1097 3932 1271 3998 prnocmerit,
1283 3939 1349 3984 ‘nec

246 4002 314 4053 uari?
345 4004 402 4053 Liu.
421 4018 506 4056 xxur.
525 4008 778 4083 am‘ouemuuuog
813 4013 979 4076 diaciplinam
1008 4010 1094 4071 modo,
1120 4009 1166 4059 ced
1196 4010 1347 4075 exemplum

246 4080 308 4130 dum
324 4082 487 4132 tractandum
503 4080 599 4135 bellum
610 4089 637 4136 lu
650 4086 777 4152 Hiupunia
814 4090 893 4139 etium
911 4103 927 4137 a
943 4102 984 4136 me
1004 4095 1094 4150 petere
1103 4084 1120 4147 ;’
1137 4098 1219 4150 nequo
1231 4084 1306 4135 videt
1317 4086 1348 4134 il·

246 4153 336 4207 soret?
368 4158 402 4207 Et
421 4158 460 4209 ita
476 4165 607 4212 ‘truciore
623 4163 777 4226 imperium'
813 4167 864 4217 lam
882 4161 996 4213 ‘aolnm'
1018 4160 1174 4225 aiquificare,
1194 4160 1262 4209 lianc
1285 4174 1348 4210 uere

245 4233 412 4285 tintinna.
428 4234 501 4286 ‘Nec
510 4235 639 4289 inmaturo
650 4253 712 4291 auae
724 4248 776 4294 tra·
813 4238 938 4307 ‘nupera'
954 4247 1032 4305 etque
1049 4239 1087 4287 ita
1105 4244 1242 4301 utrumque
1260 4238 1347 4291 locun

246 4308 309 4363 dare
320 4310 465 4378 imperium,
476 4313 595 4380 occipio
610 4315 695 4380 palum
707 4322 776 4371 trac·
813 4320 918 4373 habere.
952 4313 1229 4380 Cutemnrlaqeuduna
1246 4322 1288 4366 eat
1303 4329 1348 4380 ner
