2984 4900
253 388 341 456 8454
601 405 710 456 norst
735 405 939 457 vsnronurr
965 408 1028 458 rn.

254 565 314 601 sm.
326 565 367 615 pr.
392 549 503 613 Deinde,
515 551 679 616 transponit·
691 551 784 603 dictio·
822 552 928 618 equitum
936 553 1032 603 minoris
1039 567 1129 610 creua,
1138 552 1179 618 ord
1186 569 1240 604 cusu
1250 553 1353 611 Miris,

253 630 337 684 nibus,
350 629 452 678 Rumori
462 630 556 692 imperti
567 630 643 679 Voss.
655 636 680 681 2.
822 634 863 696 ξε.
881 633 958 685 Quod
969 633 1036 682 cuins
1047 640 1107 683 unte
1117 633 1228 683 diximus
1240 633 1275 682 (lc
1284 636 1354 697 equi·

257 750 261 760 ,
285 706 362 757 Arrun
369 708 485 769 quondum
491 705 675 769 consociusscst]
685 706 744 758 Huc
752 708 785 756 dc
824 710 904 768 tibus,
916 712 946 760 iis
958 711 1091 761 civitatem
1104 715 1190 761 dstsrn
1204 727 1272 769 esse,
1284 715 1309 762 id
1321 714 1352 762 de

254 798 283 833 re
306 783 372 833 libro
394 785 480 847 priore
502 784 600 832 dictum
623 792 670 832 ert.
697 782 784 844 Sigon.
824 787 901 851 pleno
921 789 1037 839 civitatis
1053 789 1114 853 jure
1136 788 1352 852 tutetttgemtun:

252 862 369 914 Medium
379 876 469 911 rocem
481 863 579 911 omittit
590 860 658 926 opud
671 860 784 911 Hesrni·
824 877 893 913 unuc
903 878 965 914 reru
977 867 1095 915 omuibus
1110 866 1250 930 Campanis
1262 865 1353 915 civitas

254 953 296 998 unt
308 938 396 1004 Oxou.
408 940 474 989 1..1.
823 940 909 998 datur,
922 941 967 991 sed
978 944 1034 991 siue
1044 939 1177 1006 suffragiu.
1212 942 1245 991 ld
1257 949 1353 992 utrum·

284 1016 342 1079 §ro
360 1013 482 1068 connubio
494 1013 712 1076 ,enumeretuqueet
730 1027 785 1062 curu·
823 1031 874 1081 que
896 1017 934 1067 its
955 1016 1053 1067 factum
1082 1034 1150 1079 csse,
1174 1019 1219 1067 sed
1243 1018 1353 1068 dirersis

250 1089 319 1155 cilio]
345 1090 502 1142 Habuerunt
523 1105 636 1154 ergnos
656 1089 786 1139 antehoc
824 1095 994 1158 temporibus,
1018 1096 1116 1145 clsrum
1146 1102 1188 1144 est
1216 1109 1251 1143 cx
1279 1094 1353 1144 Lirin

252 1168 359 1229 bellum,
370 1183 433 1234 rquoe
449 1178 503 1218 turn
522 1169 624 1218 denium
635 1169 667 1217 ils
680 1167 785 1218 udenrts
824 1183 909 1220 nur.
919 1176 944 1220 6.
962 1172 989 1222 iu
1005 1171 1091 1221 verbis
1104 1171 1244 1227 Varronis:
1263 1170 1353 1235 ‘Adji-

252 1255 321 1298 snnt.
330 1248 386 1297 Viri
394 1247 535 1297 doctissimi
544 1248 670 1314 scribunt,
678 1247 784 1298 Latinos
822 1247 874 1296 cite
885 1246 918 1296 sd
929 1247 996 1304 lraec,
1013 1249 1079 1312 quod
1095 1246 1180 1297 toeuu·
1194 1262 1299 1312 aeqnunr
1311 1247 1354 1296 de·

251 1326 361 1390 populos
379 1339 412 1374 ne
423 1325 494 1375 inter
508 1340 537 1374 sc
555 1324 657 1389 quidem
676 1325 783 1388 proutis·
822 1324 892 1385 ditis,
916 1324 984 1388 quod
1008 1325 1078 1388 leges
1097 1333 1205 1386 vestros,
1227 1322 1298 1387 quod
1322 1323 1352 1373 sd

251 1416 300 1452 cue
309 1401 427 1452 habuisse
433 1403 478 1467 jur
487 1403 609 1453 connubii
621 1405 629 1433 ⁸
640 1418 672 1452 es
682 1401 784 1453 fudere
822 1408 968 1450 extremum
983 1402 1117 1451 ciuitatem
1129 1410 1240 1451 unstrsru
1253 1414 1352 1462 mum

252 1478 376 1544 untiquo.'
407 1478 573 1542 intelligunt,
582 1478 670 1535 credo,
682 1477 783 1528 ‘loedns
822 1477 890 1542 parti
907 1483 1023 1526 vestrum
1042 1476 1161 1526 dedimus
1179 1475 1353 1526 communior·

252 1554 406 1620 untiquum‚'
429 1555 497 1620 quod
519 1556 568 1604 lroc
588 1563 706 1618 tempore
723 1568 783 1603 cuns
822 1554 955 1617 simusque
967 1552 1116 1614 vobiscum?
1129 1554 1263 1603 lib-nrt.
1280 1557 1352 1603 ult.

252 1632 352 1683 Latinis
367 1633 441 1694 hund,
452 1634 541 1696 dnbic,
558 1632 604 1682 scd
622 1632 783 1696 gravioribus
822 1630 855 1679 de
867 1631 1022 1694 Campanis:
1041 1631 1135 1680 ‘Circs
1147 1631 1289 1692 Romanor,
1300 1629 1353 1679 sdi-

252 1710 454 1772 ponditionibur,
470 1704 684 1761 rcnurnturnert.
713 1710 782 1759 Num
822 1709 950 1758 nitatibus
977 1709 1114 1774 plerosque
1139 1713 1170 1756 ot
1197 1706 1353 1770 propinquis

251 1788 349 1851 uliuqni
362 1795 370 1817 ⁴
381 1786 466 1836 fndus
477 1787 630 1853 antiquum'
641 1802 699 1837 cum
713 1786 784 1836 Luti·
816 1783 873 1848 jum
885 1785 1090 1850 cognationibus,
1105 1784 1237 1834 connubio
1248 1789 1353 1832 retusis

202 1915 206 1920 ,
251 1864 386 1929 nismsgis
401 1865 506 1925 dicitnr,
522 1864 783 1929 quodRornsnicum
815 1861 941 1925 junctus.¹
973 1866 1105 1913 mntl.
1123 1861 1156 1911 de
1171 1861 1283 1910 iisdem:
1301 1859 1353 1909 ‘lli

172 1943 176 1948 ’
250 1940 283 1991 iis
301 1948 361 2006 post
375 1956 487 2006 pugnum
504 1941 537 1990 ud
554 1943 640 1992 lacurn
653 1939 783 2003 Regillum
820 1936 1354 2004 lrourlnes,quumipsosl'oedercprinunrs,

250 2015 377 2067 recerunt.
411 2017 613 2067 Lirirrsv11.2o.
640 2013 783 2078 Deprolri·
820 2014 916 2065 deinde
933 2016 1070 2074 connubio,
1088 2023 1166 2079 atque
1183 2014 1245 2064 inde
1259 2027 1353 2076 cogor·

250 2094 312 2145 bitis
333 2096 401 2145 inter
429 2096 536 2146 Lstinos
564 2091 699 2144 connubiis
728 2091 784 2154 ugit
821 2091 942 2154 tionibus,
952 2100 1081 2156 postremo
1090 2090 1284 2142 ciritsteunbis
1295 2105 1354 2141 con·

251 2172 392 2236 spanhem.
405 2173 432 2221 iu
443 2171 517 2222 Orbs
535 2168 784 2220 nominetenus.
816 2168 1012 2233 junxissemus!
1042 2169 1085 2219 Ad
1104 2170 1153 2219 lroc
1171 2177 1284 2232 ternpus,
1303 2183 1352 2233 quo

250 2251 292 2297 22.
327 2248 443 2299 Concilio
465 2248 616 2297 Latinorum
639 2246 671 2294 sd
696 2245 781 2295 lucum
820 2246 936 2295 omnibus
965 2247 1103 2311 Componis
1130 2245 1222 2295 clvitus
1255 2245 1352 2309 absque

251 2324 398 2374 Ferentinis
410 2331 554 2374 nicruorsnt
569 2325 657 2374 Livius
669 2338 689 2373 r.
701 2327 742 2373 5⁰.
754 2330 783 2373 ct
819 2322 941 2388 suffragio
954 2324 1015 2374 dots
1028 2331 1078 2388 est,
1090 2323 1207 2387 pertinet
1219 2320 1351 2386 fragmen·

251 2400 783 2465 vrr.2⁵.etDionys0Hsticmuttislocis.
820 2408 875 2450 tuus
895 2409 971 2451 ictus
995 2400 1065 2466 spud
1088 2397 1260 2451 Censorinum
1285 2397 1353 2465 [sive

250 2480 288 2530 Es
301 2493 380 2544 usque
393 2479 425 2526 ud
438 2479 470 2528 P.
483 2479 594 2527 Decium
607 2479 710 2527 Murem
722 2492 781 2527 con·
820 2478 890 2542 opud
902 2478 1028 2528 incertum
1046 2478 1210 2541 scriptorem,
1228 2475 1273 2540 qrii
1285 2476 1353 2524 Ceu·

251 2555 334 2605 sulem
355 2553 473 2616 dirrssse,
490 2554 577 2618 prodit
589 2570 603 2604 e
615 2554 706 2605 Cincio
722 2554 783 2603 Fer·
820 2555 905 2604 soriuu
913 2554 989 2619 jungi
1001 2555 1076 2615 solet,
1088 2568 1112 2603 c.
1124 2554 1176 2617 14.]
1194 2553 1288 2603 ‘Cives
1300 2551 1352 2601 Ro·

213 2680 215 2685 ,
251 2638 293 2681 tur
311 2645 373 2681 roce
393 2631 545 2692 tPrrntnr;'
562 2645 619 2695 quic
639 2629 725 2679 Livius
741 2630 782 2679 lsic
820 2627 1266 2692 muniturucfsctirtrutCsmpsni.'
1290 2631 1352 2679 tn·

249 2708 355 2761 biennio
367 2716 435 2773 pust,
447 2708 557 2758 Csmillu
570 2718 597 2757 et
610 2707 708 2757 lilonio
720 2721 781 2756 con·
820 2705 918 2756 diurnus
940 2708 1010 2771 spud
1033 2707 1193 2770 scaligerum
1215 2705 1248 2754 ud
1269 2705 1351 2755 Eusc-

250 2786 356 2848 suli-bus,
368 2788 469 2837 subluto
481 2795 579 2836 usrrot.
611 2785 663 2836 Sed
675 2785 781 2835 Cincius
821 2783 890 2833 bium
910 2799 935 2847 p.
946 2787 1004 2832 329.
1021 2783 1129 2848 Olymp.
1148 2787 1207 2832 ΡΙΔ.
1226 2779 1294 2853 κατὰ.
1307 2780 1353 2839 eliu

249 2863 283 2912 ud
296 2864 372 2914 Decii
385 2866 545 2913 consulatum
556 2864 675 2912 retulisse
685 2863 781 2928 potuit,
819 2860 923 2910 ’nautas
933 2860 961 2910 rd
973 2860 1105 2920 πολίτευμα
1113 2857 1243 2921 ‘reposui
1252 2864 1353 2920 Καμπα-

250 2940 319 3005 quod
333 2947 387 2989 tuns
400 2941 493 2989 bellum
506 2956 564 2990 cunt
578 2940 678 2989 Latinis
695 2938 781 2989 iuclro-
818 2939 867 2988 uois
878 2936 955 2998 dodon.
973 2939 1121 3002 ‘Equitum
1131 2937 1236 2986 lionoris
1254 2934 1352 2992 ceusu:

250 3025 319 3069 utunr
330 3025 378 3074 est,
387 3028 413 3067 nt
423 3018 489 3067 viror
500 3033 586 3067 eornm
595 3018 706 3066 maxims
714 3014 781 3066 fruc·
820 3021 850 3064 ut
860 3029 887 3065 ι.
897 3020 939 3065 24.
950 3016 958 3042 ‘
969 3015 1080 3063 Honoris
1092 3014 1150 3078 ejus
1161 3011 1258 3062 crusu?
1277 3012 1353 3063 Cice·

250 3094 445 3144 taernut.Dulr.
470 3094 510 3144 ltu
522 3094 659 3144 ediderunt
671 3092 781 3154 lllediol.
820 3108 848 3143 ro
870 3092 901 3143 ud
923 3093 1048 3147 Atticum,
1070 3090 1116 3140 lib.
1136 3103 1193 3140 xrt.
1215 3089 1295 3151 epist.
1317 3088 1350 3138 sd

251 3173 323 3221 16⁰6.
334 3170 428 3220 deinde
441 3171 555 3233 lindius,
566 3178 592 3220 ct
602 3178 661 3234 post
671 3184 729 3227 curn
741 3184 780 3218 rc·
819 3170 955 3226 Plancum,
963 3169 1011 3218 ‘Ut
1022 3166 1157 3231 lroc,quod
1169 3173 1195 3216 te
1204 3172 1249 3215 tus
1259 3175 1352 3230 sponte

249 3246 380 3299 centiorcs
410 3246 510 3311 reliqui.
553 3246 679 3295 Similiter
700 3246 781 3294 ctinrn
817 3246 946 3297 facturum
966 3252 1039 3294 certo
1057 3245 1119 3301 scio,
1141 3244 1246 3294 honoris
1267 3244 1352 3293 nostrl

249 3322 396 3391 prelernut
410 3326 480 3393 Flor.
494 3323 594 3374 Loco.
607 3322 682 3372 llrrl.
694 3321 779 3379 umbo,
817 3338 897 3373 ceusu
919 3322 1032 3372 libenter
1052 3319 1152 3370 iscius!
1171 3323 1200 3370 J.
1220 3321 1252 3370 F.
1272 3321 1351 3371 Gres.

249 3401 427 3457 etllloclrleu.
442 3415 520 3466 quoru
539 3402 583 3449 stit
595 3413 685 3448 ornnes
702 3413 780 3448 mauu
817 3401 888 3451 sutis
899 3400 1001 3451 idonens
1019 3408 1080 3449 sunt
1101 3399 1140 3448 lrn
1161 3400 1287 3456 rationes,
1304 3415 1351 3450 cur

249 3485 278 3527 et
295 3480 365 3542 typis
382 3477 507 3540 descripti
519 3477 618 3526 consiliu
630 3476 779 3526 exhibeant.
817 3479 947 3541 scripturo
964 3478 1097 3540 librorum,
1113 3476 1157 3541 qni
1168 3475 1266 3526 hubent
1279 3478 1350 3527 ceu-

247 3554 300 3605 nen
317 3555 472 3619 intelligitur
484 3562 624 3604 conuentus
636 3554 779 3617 legatorum
814 3554 886 3618 punis
913 3554 1017 3618 equitum
1039 3554 1152 3615 vulgato
1184 3551 1350 3615 praefercudn

250 3631 484 3684 exdlrersisLutii
500 3632 609 3695 populis,
627 3631 779 3681 utincoru·
816 3633 859 3682 sit.
889 3629 1196 3696 Adotponumststiae.
1223 3629 1350 3691 Primum,

247 3722 327 3757 mune
346 3710 526 3770 consulerent,
548 3709 615 3773 quod
634 3723 685 3758 non
703 3709 780 3757 cossi·
817 3709 884 3775 quod
898 3709 1011 3758 Vulteius
1028 3712 1097 3759 ult.
1108 3716 1200 3759 suctor
1211 3716 1262 3767 cst,
1273 3710 1350 3761 Crur-

248 3783 316 3841 lien,
343 3784 389 3833 scd
414 3786 547 3842 concillum,
574 3786 670 3847 voesri,
700 3784 779 3836 ducet
817 3787 890 3852 psuis
910 3792 938 3835 et
955 3786 1024 3850 parti
1041 3785 1197 3834 Sumnitiurn
1214 3786 1350 3837 civitatem

249 3859 365 3909 Gronov.
376 3861 408 3911 sd
422 3860 487 3909 Livii
499 3874 575 3910 xciv.
586 3866 609 3911 2.
621 3863 635 3924 l
647 3867 671 3910 5.
817 3864 872 3912 rinc
893 3859 1017 3925 suffrsgiu
1043 3860 1141 3922 dutum,
1162 3860 1301 3931 Postumio
1322 3870 1350 3911 et

283 3937 413 4000 Componis
430 3938 548 4001 equitibus
568 3939 663 3987 lusoris
685 3953 778 4001 courrn,
815 3940 926 3990 Veturio
938 3937 1096 4000 consulibus,
1109 3937 1196 3999 idest,
1212 3938 1351 4002 qusdricn·

247 4014 304 4077 puin
320 4029 373 4063 curs
383 4014 489 4076 latinis]
507 4014 579 4063 Nilril
596 4016 623 4063 iu
641 4014 691 4075 luis,
709 4016 776 4078 qrrud
815 4018 858 4081 niu
871 4026 927 4081 post
942 4016 1076 4066 Consilium
1095 4021 1121 4063 ct
1135 4014 1263 4064 Maeninm
1274 4017 1349 4080 liujus

247 4090 280 4139 ud
292 4091 450 4145 intellectum
467 4098 552 4152 potest
569 4091 708 4153 pertinere.
742 4091 778 4140 Et
816 4096 876 4143 soni
893 4092 1020 4142 consules.
1054 4090 1114 4142 Hoc
1131 4089 1168 4138 lbi
1187 4090 1304 4154 Lipsius,
1320 4096 1351 4140 ut

242 4167 299 4232 jam
312 4172 372 4216 unte
384 4182 408 4217 c.
419 4172 456 4216 rt.
468 4168 544 4233 dixit,
556 4168 697 4231 Componis
706 4170 778 4234 equi·
816 4170 946 4234 rulgstanr
962 4168 1013 4217 loci
1031 4166 1132 4217 Liviani
1149 4164 1306 4230 scripturum
1323 4170 1349 4217 itt

248 4245 318 4293 tibus
328 4244 459 4295 civitatens
471 4242 570 4295 dutum.
600 4245 651 4295 Ms.
665 4244 737 4295 notu
748 4255 777 4297 et
815 4248 980 4297 concordium
992 4246 1102 4310 rediget,
1118 4245 1156 4294 its
1168 4246 1295 4309 expedire
1305 4261 1349 4296 co·

248 4319 404 4377 ultervoss.
415 4319 529 4384 equinus.
554 4322 625 4389 Lege
639 4324 777 4389 Ccsrpunis,
814 4331 901 4379 untur,
919 4324 1029 4375 Camlllo
1045 4329 1073 4373 ct
1089 4321 1188 4371 Murio
1199 4322 1347 4393 consulibus
