2984 4900
269 382 358 451 8652
620 396 730 448 norm
754 394 961 446 vauronun
988 395 1029 445 nr

268 541 343 594 bitrii
360 541 434 605 t‘a'cit,
446 541 574 607 quomodo
591 555 630 603 rs,
641 557 718 605 quarn
730 542 803 592 iilam
875 541 931 591 Hoc
939 555 990 599 cos,
998 537 1183 601 sociabam
1192 537 1371 603 gestibaadics’·

268 618 318 670 'sibi
340 621 436 670 isaberc
449 621 535 684 jubat,
553 619 590 669 nti
607 619 678 669 vetit.
712 618 743 668 In
762 632 803 667 rc·
841 617 887 683 tis]
905 618 1001 667 Pam.
1018 619 1371 680 hocconsetisteajssrisga·

268 706 349 760 cepto
359 696 538 755 distinctions,
551 711 607 760 quaa
620 700 678 759 post
688 696 804 746 restituat
841 695 901 744 tissa
908 697 956 746 ds'c.
972 694 1057 746 Gebh.
1089 694 1133 746 Ite
1144 703 1171 746 et
1183 695 1248 744 Lor.
1259 698 1286 743 2.
1300 693 1369 743 Hori.

266 774 372 835 στιγμὴν
381 771 479 823 τελείαν
489 773 578 832 babet,
588 779 616 823 ct
626 773 763 838 sequentia
777 772 802 820 iu
840 771 952 822 Gacrtn·
977 772 1047 822 Har.
1075 772 1188 836 Neapoi.
1217 770 1324 829 beticii,
1345 778 1370 819 et

267 866 345 901 nnsrn
364 851 499 915 periodum
517 865 598 914 usquc
616 849 649 900 ed
667 851 745 901 ‘Hoc
762 857 802 912 tn,
840 848 953 899 Hesrnii
968 849 1142 900 oxonienses.
1158 849 1224 900 ‘Jns
1240 845 1370 910 gentinn'

265 926 305 978 Α.
322 926 444 978 Coracii'
466 927 608 990 concludit,
631 928 692 977 mibi
715 928 803 978 omnis
838 927 935 990 sapias
947 926 1019 976 Lirin
1031 933 1195 995 memoratum
1222 923 1370 973 Videsdr.

178 1018 188 1040 ·
267 1005 387 1069 pisuiora
403 1011 474 1066 crint,
490 1017 565 1068 ortam
583 1005 609 1052 in
626 1004 801 1054 Gronoviuus'.
838 1004 938 1066 ⁵.§lt.
965 1003 1062 1053 Veram
1072 1000 1370 1066 intempestirsbiccjas

265 1079 482 1131 Eo'scndationcm
495 1080 537 1127 isos
548 1078 603 1140 tibi,
615 1094 662 1143 pro
674 1079 736 1128 auct
746 1079 801 1143 tibi,
839 1078 936 1129 mentio
955 1079 1066 1136 ridetur,
1083 1094 1162 1144 qaum
1180 1078 1275 1141 optimi
1294 1076 1369 1126 codd.

264 1158 309 1221 qni
323 1157 468 1221 improbare
478 1156 557 1217 volet,
566 1156 589 1204 ci
602 1156 742 1206 tolerabilis
754 1156 800 1206 aii·
835 1155 948 1217 gestibus
967 1161 1083 1206 sanent.
1124 1155 1241 1205 Fecisies
1258 1153 1318 1218 ‘jus
1332 1154 1369 1203 di-

265 1220 322 1299 niuis
334 1248 422 1283 scucos
433 1233 459 1282 in
472 1234 577 1296 vulgate
587 1233 718 1296 scriptura
728 1248 799 1298 qoae·
837 1240 901 1282 cunt
918 1231 1053 1297 gentibus'
1071 1247 1135 1299 qnos
1150 1235 1158 1261 ⁴
1170 1230 1311 1293 sanderum,
1328 1246 1369 1295 ps·

263 1309 361 1359 rcudna
372 1310 431 1365 crit,
444 1323 519 1372 quem
533 1309 710 1358 inenuntium
727 1310 799 1358 iusc-
836 1310 883 1365 cis,
898 1309 968 1373 beili,
985 1309 1144 1359 induciarum
1157 1306 1277 1372 judices'
1295 1316 1369 1356 vocat

263 1385 316 1433 nio.
333 1385 402 1434 Dok.
437 1385 526 1434 Pacem
536 1384 621 1433 iubeat
631 1383 678 1433 ss'isi
688 1385 766 1435 Voss.
777 1390 799 1436 1.
837 1384 892 1435 Cic.
909 1385 943 1435 dc
961 1385 1014 1436 [ὧ.
1032 1400 1065 1437 ιι.
1084 1389 1109 1435 θ.
1141 1385 1253 1447 Insuper
1270 1385 1314 1433 isse
1329 1398 1368 1432 css

263 1461 374 1510 Leton.
386 1470 414 1512 ct
424 1461 489 1511 Lov.
501 1466 524 1510 1.
538 1476 619 1524 pacem
635 1462 735 1511 babeant
752 1463 800 1512 sibi
829 1463 974 1526 feciuicsjus
982 1465 1194 1514 Portemscc.
1216 1462 1298 1510 Male.
1316 1459 1369 1509 Hoc

261 1538 340 1588 Port.
358 1545 386 1587 ct
410 1538 479 1589 Har.
523 1539 650 1603 Doujatio
671 1538 797 1589 Gronovii
828 1541 904 1605 ioris,
915 1549 944 1590 ut
954 1542 1019 1591 ‘boc
1027 1540 1114 1591 solatii
1122 1540 1140 1602 ;'
1156 1539 1189 1588 dc
1202 1553 1253 1604 qno
1266 1537 1325 1586 ride
1335 1537 1366 1587 sti

262 1615 428 1664 ratiocinatio
450 1614 579 1676 subtilior,
600 1629 676 1679 quam
701 1616 798 1677 rcrior,
835 1620 1043 1682 staminiis.
1076 1616 1367 1679 Hoecoos‚secicies,et

262 1678 374 1741 ridetur.
408 1691 549 1741 Existimat
560 1696 645 1740 autam
660 1691 798 1754 uccemmbi
834 1690 1291 1758 paulinsotalioects,fragm.flar.

260 1766 348 1817 babeat
364 1767 434 1816 idem
445 1782 509 1830 esse,
521 1782 551 1815 ac
563 1767 673 1830 recipiat
686 1767 797 1831 populna
867 1773 881 1836 ς
900 1775 931 1820 10
949 1768 1216 1833 cannamomum]
1232 1764 1366 1818 Psbzri·

262 1845 394 1894 Romanus
410 1858 511 1907 pacem,
522 1857 599 1908 quam
616 1858 663 1906 par
678 1843 797 1893 consutos
833 1849 943 1899 cantatas.
960 1848 1045 1898 Gabb.

260 1936 319 1972 cum
332 1923 488 1972 Samnitibus
501 1930 590 1984 pactos
601 1930 649 1971 cst.
683 1921 797 1971 Permit·
867 1925 898 1974 Ia
908 1924 1028 1974 cimtatcsa
1036 1922 1365 1988 soriguer-asarsusim·-

261 2007 317 2047 tera
337 1999 418 2060 igitur
434 1998 568 2055 Pontium,
586 2006 615 2048 nt
632 1997 741 2047 Romani
762 1998 796 2048 d'c
832 2000 917 2063 mium]
935 2001 1001 2052 Pail.
1017 1999 1070 2051 duo
1087 2000 1208 2050 mciiores
1226 2002 1250 2047 1.
1260 2006 1288 2047 ct
1298 2000 1325 2046 8.
1341 1998 1365 2046 ἰ

259 2089 325 2139 pace
339 2089 385 2138 nro
394 2075 503 2125 arbitrio
513 2082 646 2142 statuant:
664 2075 795 2124 Samnitas
832 2078 953 2128 ciuitatem
968 2077 1094 2127 obiectast.
1112 2076 1247 2125 ‘Obincta
1258 2073 1365 2124 ciritas'

257 2153 327 2203 cutim
346 2152 425 2202 facito
442 2167 474 2201 ea
488 2153 626 2208 entitatos,
638 2154 659 2201 si
672 2154 758 2201 omnia
768 2153 794 2202 in
832 2167 865 2203 an
880 2154 1012 2218 obligata?
1026 2159 1056 2202 ut
1067 2153 1102 2202 rit
1117 2152 1150 2201 ab
1160 2158 1168 2181 ⁸
1179 2150 1306 2214 obicere,’
1316 2152 1363 2201 boc

259 2230 374 2292 priorem
387 2238 485 2279 statum
496 2232 675 2279 restituantur·
701 2231 793 2280 Psuilo
831 2229 1015 2294 canobiigare.
1032 2228 1145 2277 'Aliusit
1161 2228 1222 2276 oiim
1234 2226 1363 2291 Andreas,

259 2313 320 2354 ante
338 2304 518 2365 ignominiosam
530 2318 620 2368 passm
631 2305 735 2366 legiones
744 2318 793 2353 ser·
829 2306 1094 2356 s'scicitatmobls'tmn.
1103 2303 1187 2355 Gcbir.
1199 2303 1363 2366 [Virbbectt.

257 2385 325 2429 octos
340 2379 448 2444 profert
465 2380 674 2430 Fior.am.scc.
692 2380 793 2441 igsm·
830 2382 919 2446 Vera]
954 2382 1101 2445 Obiigutcsa,
1120 2396 1152 2430 sn
1171 2380 1309 2430 οΜιίιίω
1328 2381 1364 2428 le·

256 2457 326 2506 aiom
336 2455 457 2506 arabicae
467 2456 572 2518 legisses
580 2462 686 2506 amatus
696 2458 759 2505 lov.
767 2461 793 2508 4.
830 2471 887 2524 με.
902 2474 993 2524 parum
1013 2459 1101 2509 refert.
1141 2457 1259 2522 Utroque
1278 2457 1364 2507 utitur

257 2534 285 2585 iu
302 2533 535 2594 coutcxtn‚altcra
552 2534 664 2584 iectionc
682 2535 793 2597 margini
830 2536 935 2587 Lirinus
953 2537 1068 2585 iliaca.
1085 2535 1133 2584 boc
1149 2538 1208 2584 αδ.
1239 2534 1292 2582 Sed
1310 2547 1362 2585 noa

258 2612 399 2674 adscripta.
425 2611 457 2659 In
467 2610 553 2659 serbis
561 2609 792 2674 saumitocscderc,
829 2614 923 2678 liquot,
938 2613 1067 2678 quomodo
1088 2612 1201 2660 serietas
1214 2610 1362 2674 scripture.

256 2688 354 2747 hocsec.
366 2685 716 2750 ceronmiisqscdigacmcrat
728 2689 792 2752 legit
830 2706 846 2739 a
863 2690 997 2741 Gronorio
1017 2695 1093 2752 patre
1118 2688 1260 2753 proposita.
1278 2689 1362 2751 magis

257 2764 333 2814 fflfl·
829 2767 958 2819 dorestad
976 2763 1362 2831 obstn'ctmmquamadoeta‘gs·

289 2842 338 2905 §⁹
359 2841 394 2891 Ut
408 2846 436 2890 trs
452 2841 628 2905 quidemqmd
641 2842 734 2906 petisti,
748 2858 791 2907 per
828 2851 886 2895 tasi.
919 2846 1036 2906 Maiiam,
1054 2843 1187 2893 docuisset
1203 2842 1243 2890 sir
1259 2840 1362 2892 clariss.

252 2917 387 2982 pactionem
405 2918 499 2980 babeas,
516 2922 551 2966 tot
570 2919 789 2982 acsemminster]
829 2922 890 2986 quid
908 2921 1074 2985 ait‘spnnsio
1091 2915 1244 2969 commissa.'
1274 2915 1362 2968 Jaris·

260 2995 295 3045 Ut
310 2995 404 3057 quidem
418 3000 453 3058 ts,
463 2996 525 3057 quoa
537 2994 620 3057 petisti
631 2995 700 3045 Flor-
714 2996 789 3046 Leid.
828 2998 941 3047 consulti
954 2999 962 3026 ‘
973 2998 1132 3046 commissam
1148 2991 1362 3057 stipulatiousm,'

255 3073 342 3132 ambo,
354 3073 418 3122 Los.
431 3075 454 3120 1.
466 3075 492 3121 s.
502 3071 578 3121 Heri.
588 3071 696 3123 Gscrtn.
709 3073 788 3122 Kioc·
828 3075 896 3139 quod
913 3088 985 3137 saepc
1001 3074 1028 3122 in
1045 3071 1188 3122 Pandectia
1204 3072 1312 3134 tegitur,
1324 3072 1362 3120 in·

254 3147 325 3198 bien.
346 3148 438 3213 fragm.
455 3148 523 3198 Har.
540 3155 569 3197 ct
580 3147 640 3198 edri.
651 3157 712 3198 ante
723 3150 788 3199 Vas·
828 3158 1005 3215 terprctsutor
1021 3164 1088 3214 cam,
1098 3149 1172 3212 cujus
1188 3148 1307 3198 conditio
1317 3163 1362 3198 cx·

255 3239 309 3278 cos.
346 3224 379 3273 Ut
393 3225 488 3287 quidem
497 3227 606 3288 ta.quori
620 3226 714 3288 petiisti
725 3227 788 3276 lor.
826 3229 904 3284 stitit,
925 3229 1003 3292 quum
1026 3241 1059 3276 cx
1081 3240 1113 3276 cs
1135 3226 1223 3276 deberi
1240 3233 1360 3291 crepta·

253 3305 279 3352 4·
316 3301 361 3364 Ut,
370 3302 431 3365 qaod
441 3301 536 3365 quidest
546 3306 573 3350 ts
586 3302 671 3364 petisti
687 3302 789 3352 Low.
827 3304 1183 3369 est,ctsgiacpctipotcst.
1208 3301 1360 3366 Ita‘spou·

252 3377 292 3429 At
308 3381 395 3429 omnia
409 3380 465 3428 buc
479 3379 558 3427 vcrbs
572 3378 740 3443 neglegentia
756 3381 787 3430 11·
825 3382 865 3431 sio
876 3379 1026 3432 commiass’
1035 3377 1178 3444 crit,cnjns
1189 3377 1306 3428 conditio
1315 3392 1361 3428 cx·

252 3455 333 3522 brasii
345 3457 467 3505 exsulant
478 3469 494 3504 a
505 3456 584 3504 Voss.
595 3458 620 3504 2.
825 3457 905 3508 stitit.
938 3458 1068 3508 Nimirum
1085 3456 1204 3506 cousuies
1222 3455 1360 3520 aetatique

287 3534 365 3590 Quom
386 3532 450 3583 hosti
471 3533 518 3582 tibi
538 3532 680 3583 remittendo
701 3537 787 3596 poctm
824 3533 1170 3599 spoponderant,8smuitss
1182 3544 1271 3596 pacem
1283 3530 1360 3581 habi·

252 3608 316 3671 um]
338 3609 440 3658 Hostem
458 3607 504 3659 tibs'
521 3608 602 3658 remit·
618 3607 729 3658 Gacrtn.
746 3608 788 3659 isos
825 3616 906 3674 turos,
917 3611 938 3659 si
951 3609 1083 3659 Romanos
1095 3608 1234 3659 incolumes
1244 3606 1359 3657 dimisis·

252 3685 299 3736 cios·
314 3688 392 3736 remit.
407 3685 571 3736 scribentium
590 3685 698 3749 conjicit
718 3685 786 3736 Gro-
825 3694 893 3737 sent.
933 3686 1052 3737 Dimissis
1073 3685 1195 3735 Romanis
1217 3684 1360 3734 exstiterat

252 3776 313 3812 nov.
328 3761 360 3809 sd
377 3763 391 3826 ς
409 3777 488 3825 prmo,
523 3761 558 3812 Et
574 3762 611 3812 ita
626 3777 658 3812 cx
674 3762 786 3825 Neapoi.
824 3762 939 3813 conditio
950 3771 979 3812 ct
991 3762 1095 3827 sponsio
1105 3761 1249 3823 commissa,
1261 3761 1358 3810 Rona-

251 3839 547 3891 cod.isotistbatiuiua.
581 3840 618 3891 Ut
630 3839 696 3890 adeo
707 3839 785 3890 tibra-
823 3840 901 3906 nique
916 3855 948 3890 ex
965 3855 997 3890 ea
1013 3839 1122 3902 obligati
1138 3846 1221 3889 crant.
1253 3837 1309 3887 Seri
1326 3844 1357 3887 et

252 3915 785 3982 riusultimamsyiiaburnvocisisostipcr·
823 3918 902 3967 aliter
921 3916 1004 3981 accipi
1024 3924 1119 3979 potest.
1158 3914 1269 3978 sponsio
1286 3914 1355 3963 baud

253 4006 342 4057 peram
359 3995 497 4057 repetierit
512 4008 545 4043 cx
556 3995 629 4046 initio
644 3995 715 4044 vocis
727 4008 784 4061 seq.
823 3993 903 4044 dubio
920 3992 1021 4043 firmata
1038 3992 1132 4048 tuerat,
1144 3990 1298 4054 interposito
1309 3990 1355 4051 js·

252 4084 284 4119 eo
296 4070 373 4121 morlo
384 4072 476 4121 bostem
488 4076 610 4134 temptare,
622 4085 670 4136 pro
681 4073 722 4121 bos
732 4078 784 4123 tes·
823 4069 973 4136 rejurando,
996 4077 1024 4119 ct
1044 4083 1103 4117 cum
1126 4066 1303 4116 exsecratione
1327 4066 1354 4113 iu

251 4153 313 4208 turc,
324 4147 350 4197 in
363 4161 414 4196 ono
425 4146 484 4197 cod.
494 4146 657 4197 scribebatur
667 4161 706 4199 vr.
718 4152 759 4199 18.
770 4150 784 4213 §
822 4149 911 4212 capita
921 4160 1071 4211 sponsorum
1084 4153 1111 4195 ct
1122 4146 1149 4193 iu
1164 4144 1285 4208 poprium
1300 4143 1353 4192 Ro·

252 4227 293 4272 11.
319 4223 784 4288 Pinrssimiiisexemplavidebimus
822 4239 938 4285 manum,
955 4231 984 4272 nt
1002 4223 1029 4271 in
1048 4219 1206 4270 foederibus:
1224 4221 1298 4285 idqus
1313 4221 1353 4267 iu·

252 4298 286 4354 ad
303 4303 489 4365 ararim-5
502 4306 526 4350 ⁵.
822 4301 912 4353 dicent
932 4298 1010 4351 rerba
1029 4298 1105 4362 Livii,
1122 4297 1218 4348 ‘iretis
1236 4294 1353 4352 omnibu
