2984 4900
244 339 331 406 aaut
591 351 699 403 uorat
726 348 928 400 vaurouuu
952 349 994 399 ru

245 498 358 551 uidimus
368 496 402 548 ad
415 511 474 563 cap.
485 511 565 562 praec.
575 495 601 546 iu
611 496 672 547 lius·
704 496 775 546 Prae·
815 493 1264 559 0.Fabtoapaaairionxxrr.1s.
1278 493 1348 546 ‘No-

246 586 321 629 terea
337 591 428 628 rocam
449 581 530 627 cetero
551 574 651 626 omittit
670 572 734 624 Lor.
753 577 779 623 2.
815 570 1069 622 recalceamtuas’
1103 571 1227 635 Denique
1236 570 1294 634 ipae
1307 568 1350 621 lsi·

247 655 415 717 triatieiu,pro
423 651 619 715 lrbtia,luabeut
628 651 779 708 Fluuvosr·
815 647 924 698 viurrix
935 662 1054 713 usquam,
1063 648 1111 698 uiui
1124 647 1168 698 ubi
1181 647 1349 707 magistratus

247 736 272 781 l.
291 729 365 781 Laid.
377 736 401 781 l.
419 729 483 780 lor.
499 733 524 780 1.
541 728 617 779 Harl.
627 732 652 777 1.
670 727 779 778 Gaertn.
816 724 944 789 omuibus,
961 733 990 775 ut
1010 725 1085 786 solet,
1101 722 1249 773 nominibus
1265 737 1350 786 eapo-

249 806 319 857 Hau.
330 812 358 856 et
369 804 461 870 fragm.
473 805 542 855 Har.
556 804 673 862 sollemni
686 818 779 869 pecca·
816 801 866 862 uit,
882 816 942 852 eum
959 802 1076 866 appellat
1093 802 1179 864 aliter,
1195 814 1273 865 quam
1290 801 1352 850 aim·

249 893 278 934 to
289 883 442 934 scribarum.
473 881 541 933 Vide
549 881 581 932 ad
594 895 633 932 ιν.
644 886 685 932 iit.
696 883 710 947 t
722 887 746 931 u.
816 879 921 944 pliciter
931 881 940 909 ⁴
950 880 1086 931 Camillum
1095 881 1113 943 3'
1128 881 1207 929 etiam
1219 879 1245 928 iu
1257 880 1352 928 oratio·

285 959 461 1032 Redieroutqae
476 972 515 1007 ras
530 959 561 1008 ad
573 957 712 1022 caminum]
731 956 780 1007 lie-
817 955 901 1014 uibus,
913 957 939 1006 iu
950 957 1045 1023 quibus
1062 957 1196 1022 ceteroqui
1211 955 1354 1018 nrissime,

250 1036 345 1087 dierunt
357 1037 436 1086 resad
448 1035 517 1085 Coae·
531 1034 601 1085 Har.
623 1035 726 1084 redierat
742 1048 781 1084 raa
819 1048 886 1098 peue
904 1033 1012 1084 dixerim
1030 1049 1170 1099 uunquam,
1184 1034 1234 1082 illis
1253 1039 1355 1096 tempo*

250 1110 725 1162 areca.1„or.r.11art.a.et1²ou.
741 1125 781 1160 re·
819 1109 892 1160 ribus
915 1111 1068 1174 cognomina
1090 1118 1216 1174 usurpat:
1243 1109 1356 1166 scilicet,

250 1191 375 1254 dictatum
390 1205 429 1240 rea
444 1191 476 1239 ad
492 1190 559 1239 Casu.
571 1188 682 1239 Hearnii
694 1187 782 1238 Oxou.
820 1185 882 1251 qnia
903 1186 955 1237 isto
976 1188 1026 1238 sibi
1051 1188 1175 1251 peculiari
1197 1186 1357 1250 cognomina

251 1267 283 1319 G·
316 1267 430 1318 Ita'res
441 1266 564 1328 Clusina,'
581 1263 783 1323 ‘resRomaua,’
820 1263 951 1313 tolosatis
967 1261 1359 1328 superquepotcratcoguoaci.

252 1353 282 1396 et
298 1344 393 1395 similia
413 1345 506 1408 parsim
528 1342 680 1394 obruerunt.
714 1343 783 1393 Vide
821 1337 929 1403 Magno,
941 1339 966 1389 ui
978 1338 1065 1402 fallor,
1075 1340 1130 1389 trec
1143 1340 1230 1389 omuia
1244 1345 1307 1388 suut
1318 1338 1359 1388 iu·

253 1418 286 1471 ad
300 1433 331 1470 ιι.
341 1423 367 1470 u.
378 1421 392 1485 t
404 1422 429 1468 t.
460 1422 469 1449 ⁴
481 1419 534 1469 Rea
554 1419 587 1469 ad
608 1418 783 1483 interregnum
821 1412 901 1471 dicio,
912 1415 1041 1465 neminem
1054 1424 1116 1465 tuuc
1127 1416 1204 1464 aliurn
1218 1412 1298 1463 t‘uisre
1307 1412 1359 1462 Ca-

254 1496 353 1547 rediit.'
376 1496 443 1547 Vide
459 1497 492 1547 ad
505 1502 596 1548 auti.
608 1495 622 1559 ὃ
633 1501 659 1548 7.
690 1498 725 1547 Et
734 1496 784 1548 hoc
822 1490 939 1553 millum
955 1499 1027 1541 certe
1044 1493 1102 1541 rina
1121 1489 1260 1540 manifesta
1277 1490 1361 1540 bisto-

253 1572 331 1624 modu
348 1586 387 1622 vr.
404 1577 430 1624 t.
447 1573 517 1623 ‘lior
533 1572 567 1623 ad
583 1572 717 1623 Camillum
737 1572 785 1622 tri·
822 1566 918 1617 riarum
936 1567 1096 1619 auctoritate
1115 1582 1166 1617 nou
1189 1576 1290 1617 temere
1313 1565 1360 1616 dc·

252 1651 351 1702 bunum
373 1651 482 1701 militum
502 1649 629 1701 consulari
652 1655 785 1714 potestate
822 1643 887 1695 bere
907 1646 997 1697 statui.
1012 1646 1038 1695 J.
1053 1645 1134 1695 Perit.
1151 1643 1238 1694 duim.
1256 1643 1360 1693 illator.

251 1727 358 1779 rediit.'
391 1728 583 1782 Stanttameu
609 1741 657 1792 pro
683 1728 787 1792 vulgata
823 1735 847 1774 c.
858 1735 892 1771 ιι.
903 1725 981 1786 ΜΔ.
1015 1721 1361 1786 Doujatiusetiarmquarag

255 1805 388 1869 scriptura
398 1804 490 1869 optiml
502 1804 578 1854 codd.
824 1798 862 1848 ris
873 1798 1067 1848 utrarialrarum
1076 1798 1285 1861 conjecturarum
1292 1797 1361 1848 Gro-

287 1883 343 1946 §11
360 1880 521 1936 Velabrum
529 1880 643 1939 saeclum
658 1882 690 1931 ad
709 1880 786 1931 Galli·
823 1877 892 1927 uorii
903 1876 965 1926 satis
974 1877 1023 1942 ipai
1034 1876 1163 1936 adridunt,
1172 1883 1259 1927 tameu
1269 1890 1359 1926 rerum

230 1951 233 1956 ⁴
254 1971 308 2007 euru
329 1958 455 2007 manteau
472 1956 630 2020 cognominis]
657 1956 718 2007 Hoc
741 1957 788 2021 ait,
824 1966 880 2002 essa
902 1953 1029 2017 apuoseit,
1049 1950 1186 2002 ‘Caruilii'
1204 1951 1360 2016 cognomina

257 2033 319 2098 quia
328 2039 404 2097 peter
414 2033 472 2097 ejus
481 2033 605 2083 Camillus
617 2033 706 2085 Gallos
718 2048 786 2099 prae·
823 2029 915 2095 magis,
932 2045 1008 2096 quam
1028 2026 1132 2081 ‘Furii'
1146 2029 1260 2086 uoruiuc,
1278 2030 1361 2080 iucla·

255 2110 292 2161 lio
314 2111 397 2160 victos
418 2110 490 2160 Urba
512 2118 655 2173 exagerata
684 2117 786 2175 patrem
824 2107 907 2157 ruisse
930 2105 1006 2173 hujus
1026 2115 1137 2171 patrem.
1170 2106 1255 2157 Cudd.
1278 2108 1359 2157 etiarn

256 2193 345 2237 autam
361 2187 391 2236 1..
404 2186 475 2236 Furii
492 2188 531 2237 ill.
546 2187 680 2237 Camillum
697 2186 789 2252 fuisse,
824 2198 913 2234 omues
930 2199 981 2234 uno
998 2199 1043 2235 ora
1061 2184 1229 2249 invulgatum
1246 2183 1361 2249 scriptu·

257 2261 338 2312 docet
359 2263 415 2325 ipse
432 2271 504 2326 post,
521 2276 581 2312 curu
599 2265 787 2328 ait‘patcruae
824 2274 879 2310 ratu
891 2262 1053 2326 conspirant.

258 2338 365 2404 virtutis
377 2337 492 2387 memoa'
525 2337 788 2404 Itemquallppiauus
858 2341 1008 2391 Dictaturam
1023 2341 1138 2405 adrogari
1148 2342 1212 2391 baud
1221 2340 1282 2390 satis
1293 2340 1362 2390 daeo·

258 2416 288 2464 iu
300 2413 410 2476 Celtica,
427 2414 471 2464 ubi
489 2423 549 2479 post
565 2415 706 2480 Popillium
725 2433 741 2468 a
758 2419 789 2470 L.
824 2433 879 2469 rura
890 2418 966 2470 risam
976 2424 1013 2469 eat
1023 2418 1151 2483 Patribus]
1168 2419 1228 2470 Nou
1248 2424 1300 2469 taur
1315 2417 1362 2466 ad·

260 2490 341 2559 Furio
364 2490 465 2541 Camilli
486 2489 541 2541 tilio
560 2491 650 2542 Gallos
672 2492 790 2546 deriotos
821 2495 991 2559 jungebatur,
1007 2511 1084 2561 quam
1102 2496 1283 2561 imponebatur
1300 2508 1364 2544 eon·

261 2566 429 2619 eueacriuu.
446 2566 531 2630 Sigea.
558 2566 789 2639 Au‘liuriua'mi·
827 2573 876 2621 auli
896 2572 1020 2635 dictator,
1052 2573 1148 2638 Itaque
1168 2570 1284 2623 fortassis
1299 2571 1362 2620 irre·

260 2658 309 2694 uua
326 2642 440 2693 faustum
460 2643 562 2707 prabet
578 2658 653 2693 omeu
666 2645 790 2698 aduersus
825 2648 884 2709 gari
905 2647 1010 2711 scripsit
1029 2648 1128 2699 Livius.
1159 2648 1212 2699 Sed
1236 2649 1293 2699 laec
1314 2647 1364 2711 ita,

262 2721 359 2778 Gallos,
370 2733 447 2785 qrraru
458 2721 466 2749 ‘
477 2719 624 2770 Caruiliusi’
641 2721 758 2787 Mallem,
769 2724 791 2774 si
829 2734 858 2777 nt
875 2725 953 2777 laclia
970 2741 1043 2777 surum
1060 2726 1154 2792 cuique
1171 2725 1309 2789 arbitrium
1323 2720 1365 2775 r'e·

262 2800 321 2865 arria
338 2799 471 2863 adjutaret
490 2798 584 2864 codex,
600 2802 639 2849 oei
661 2801 690 2851 ob
707 2817 792 2853 nomes
829 2803 989 2867 linquamus:
1008 2817 1066 2853 uam
1084 2812 1110 2852 et
1123 2816 1156 2853 ιι.
1168 2807 1208 2854 18.
1226 2801 1259 2851 de
1276 2801 1364 2852 dieta·

257 2875 339 2938 fausti
356 2878 388 2925 ud
409 2876 475 2926 Gall.
493 2880 552 2926 turn.
570 2877 673 2936 amictu
699 2880 740 2928 vel
762 2879 792 2930 ob
830 2888 897 2946 tore,
918 2880 1131 2931 ‘moderatorem
1159 2887 1188 2930 et
1210 2879 1364 2941 magistrum

260 2967 327 3002 mucra
340 2950 451 3012 sonuum
468 2952 500 3002 od
521 2952 589 3004 (lull.
599 2958 665 3017 ,tam
680 2956 791 3007 uosuiais.
829 2957 977 3006 consulibus
998 2955 1172 3021 appositum.’
1194 2956 1223 3005 J.
1237 2955 1270 3004 F.
1283 2954 1363 3005 Grua.

260 3028 325 3080 Mi.
334 3027 417 3079 Grau.
450 3028 556 3079 Nollem
567 3029 624 3080 baec
633 3031 792 3096 conjecturis
828 3033 914 3084 Etiam
926 3033 969 3083 irio
977 3034 1108 3097 rulgatum
1118 3029 1278 3082 defendebat
1289 3033 1365 3081 Dou-

261 3103 359 3154 teutari
382 3102 473 3153 auro
494 3119 602 3164 ruarmo,
622 3116 740 3174 rogante,
759 3124 791 3159 an
825 3110 918 3175 jarius,
938 3108 1009 3174 quod
1030 3108 1112 3175 ‘lex,'
1130 3107 1245 3170 ‘multa’
1263 3110 1366 3160 ‘mora'

264 3177 399 3231 ‘Furius'
425 3180 508 3229 minus
535 3180 648 3233 faustum
675 3186 794 3249 prebeat
831 3194 904 3236 recte
926 3183 1246 3251 dicerentur‘iurogari3’
1262 3185 1365 3253 ‘homi-

264 3270 339 3307 omeu
351 3256 475 3306 adversus
487 3257 585 3322 Gallos,
594 3274 668 3324 quam
680 3261 688 3288 ‘
698 3262 793 3311 camil-
830 3261 898 3311 nem'
907 3276 969 3311 rero
979 3263 988 3290 ‘
997 3263 1092 3312 bomini
1103 3261 1227 3327 inrogari'
1238 3264 1365 3329 relegere

262 3334 338 3385 lusi'
367 3336 436 3386 Saue
463 3348 535 3399 uero,
562 3350 621 3386 msa
647 3340 791 3400 seutentia3
831 3354 882 3390 uon
892 3341 1054 3392 meminerat.
1070 3341 1292 3405 Cocidrulgatum
1304 3356 1366 3406 prm

264 3411 334 3478 quia,
347 3412 390 3476 qul
403 3410 494 3462 Gallos
511 3418 589 3461 autea
600 3413 736 3464 uiceratat
748 3415 793 3481 ‹le-v
832 3418 905 3480 baut,
926 3419 974 3468 nisi
992 3418 1059 3482 quod
1081 3427 1205 3480 corrupte
1222 3418 1366 3468 dictator-saa

262 3486 373 3549 leverat,
395 3487 463 3537 solus
485 3487 591 3552 proprio
614 3495 641 3537 ct
669 3490 794 3552 peculiari
831 3493 945 3557 abrogari
961 3494 1029 3544 sitin
1043 3494 1107 3561 lor.
1122 3497 1148 3544 2.
1159 3499 1185 3544 6.
1205 3502 1233 3544 et
1253 3494 1332 3544 Port.
1350 3510 1367 3545 a

264 3564 417 3626 cognomina
433 3563 617 3628 appellabatur
632 3565 795 3630 ‘Camillum'
832 3585 868 3621 m.
890 3586 931 3634 pr.
955 3570 1101 3620 dictaturam
1119 3569 1232 3633 almari
1250 3568 1276 3618 iu
1294 3570 1366 3620 Hau.

264 3646 272 3668 ¹
283 3638 362 3713 Furii'
373 3653 467 3690 noman
479 3654 537 3689 curu
551 3641 638 3691 multis
648 3643 704 3693 aliis
715 3643 796 3696 lrabe-
831 3647 972 3697 dictatorern
983 3644 1098 3709 obrogare
1109 3646 1135 3695 in
1148 3646 1212 3695 bor.
1221 3649 1246 3695 t.
1261 3646 1367 3695 dictato·

265 3714 312 3764 bat
332 3728 475 3765 commuue.
508 3717 543 3765 Et
561 3716 620 3768 ideo
637 3719 796 3771 Claudianus
831 3739 883 3774 rena
893 3739 1016 3786 arrogare,
1029 3724 1068 3773 rel
1079 3724 1205 3786 adrogare,
1216 3723 1242 3771 iu
1255 3723 1328 3772 Flor.
1338 3729 1366 3772 at

266 3803 368 3856 quoque
385 3789 411 3838 iu
429 3790 564 3839 consulatu
575 3791 656 3842 Proh.
672 3802 700 3845 et
717 3794 797 3859 Olyb.
832 3798 926 3866 fragm·
938 3800 1038 3852 llam
1055 3815 1089 3849 ιιι.
1105 3813 1145 3864 pr.
1179 3800 1300 3863 Recepta
1320 3800 1370 3849 eti.

266 3881 307 3917 vs.
320 3865 534 3931 lib-‘Gallisque
550 3881 632 3930 genus
648 3867 729 3921 leralc
746 3873 795 3923 Ca·
833 3892 874 3927 aru
893 3876 972 3927 lectio
992 3877 1126 3927 commoda
1147 3877 1245 3926 serrari
1268 3884 1369 3940 potest.

265 3940 369 3993 milloa.'
386 3940 741 4006 Immoquiinsimulabautur
751 3963 796 4013 pa·
833 3952 958 4007 Quamvia
984 3955 1053 4002 enim
1075 3950 1244 4015 ‘adrogare'
1268 3953 1367 4016 aliquid

266 4022 376 4072 remitti
395 4019 796 4086 glarismaffectareuou‘Fu·
834 4045 881 4095 per
909 4030 1067 4094 rogationem
1093 4028 1182 4092 populi
1206 4028 1233 4077 in
1255 4029 1368 4078 comitiis

265 4098 315 4163 rii,’
324 4099 370 4149 red
381 4100 389 4128 ⁶
400 4098 519 4159 camilli:
528 4100 704 4163 appellatione
714 4102 746 4154 ab
758 4104 795 4154 ln·
833 4107 933 4172 peragi,
943 4106 1043 4168 innuat,
1054 4105 1192 4169 nullusque
1209 4102 1327 4154 dictator
1341 4105 1367 4155 iu

265 4175 333 4239 uota
344 4173 449 4228 fueruat
458 4176 582 4241 insigniti.
614 4177 652 4227 Μ.
664 4176 795 4230 Minucius
832 4181 945 4231 comitiis
959 4188 1063 4231 creatus
1074 4179 1127 4241 ait,
1145 4168 1314 4243 ‘adrogurc’¹
1329 4185 1368 4227 ta·

265 4254 390 4322 magister
408 4255 524 4321 equitum
546 4254 580 4313 du
598 4255 730 4309 dictatore
749 4273 795 4311 suo
832 4272 891 4310 mco
914 4268 962 4322 pro
983 4255 1091 4320 addere,
1112 4254 1256 4320 adponere,
1272 4253 1368 4304 adsola-
