2984 4900
348 364 385 411 r.
408 360 505 412 nrvrr
531 359 631 411 nisu.
655 359 732 411 nro.
756 359 826 410 vrr.
849 360 931 410 car.
952 344 985 410 2.
1139 343 1227 411 8137

142 506 252 571 Hermio,
267 506 310 558 ed.
326 506 404 557 Rom.
420 508 552 572 princepe.
588 503 657 556 Unde
692 502 846 554 eruditlonir
863 502 966 553 minime
978 500 1092 565 vulgaris
1103 501 1140 552 li.
1151 501 1226 552 Dod-

141 586 233 648 multa,
250 599 302 647 quer
319 584 421 634 exordia
438 587 520 647 pentec
538 582 656 646 appellata
692 581 792 631 avellor.
827 580 878 630 Hic
894 580 920 629 in
935 578 1224 644 App.Praeleet.Cam-

141 659 235 711 llediul.
247 665 320 711 11811.
338 661 571 722 aadeeoeodimqaoe
586 672 656 708 exor-
693 657 754 707 den.
774 670 800 721 p.
816 660 874 706 uta.
894 656 1018 704 advertor
1038 654 1128 705 doctor
1149 670 1225 721 qucr-

138 737 173 785 dic
180 743 253 801 proteu
263 739 381 802 appellato
393 737 482 786 Parui.
491 737 657 798 uedrexodic,
693 732 764 796 dam,
774 732 820 783 red
832 733 892 782 milri
910 733 1067 797 incognitur,
1079 732 1226 796 dirpntanr,

139 815 271 876 wadio
285 821 370 879 pertm
382 815 501 878 appellato
510 813 610 862 Tarrir.
627 827 656 862 n·
694 811 784 860 reribit
796 825 841 860 eoa
852 812 901 861 iroc
913 811 1117 874 itainteiligere:
1135 810 1226 874 ‘quani

138 889 656 954 umque,veneramenerquadamattae.
694 887 765 937 tribu
783 888 846 938 meti
865 888 956 952 gratia,
976 902 1025 937 nec
1047 888 1099 937 ullo
1122 886 1226 950 publico

138 963 200 1014 Hine
211 966 304 1028 primae
315 967 378 1015 dnae
391 979 469 1015 vocer
485 964 583 1029 abjecit
598 964 657 1014 Me·
694 963 824 1027 atipendic
845 961 1007 1013 militarent.'
1040 962 1154 1025 Deinde,
1170 963 1231 1028 qui:

137 1041 222 1092 dician.
231 1046 304 1093 1195.
315 1043 381 1108 quod
392 1040 521 1108 pleraeque
533 1054 614 1107 nuque
623 1039 656 1090 ad
694 1039 802 1092 burdam
815 1040 971 1104 interJ'eetir,
982 1040 990 1066 ‘
1002 1054 1052 1089 non
1066 1039 1172 1103 tamen,'
1188 1040 1226 1090 ln·

137 1118 262 1169 Geleniurn
272 1129 419 1170 serrarum.
446 1118 484 1169 At
492 1118 596 1170 Gelenii
604 1119 657 1167 lec·
694 1121 762 1186 quit,
771 1120 780 1148 ‘
789 1128 867 1184 nent
879 1119 938 1169 iile'
949 1116 1081 1184 (Liuius)‘
1091 1121 1159 1170 tribu
1172 1136 1225 1170 mo·

137 1195 223 1246 tionem
238 1196 382 1261 probarunt
395 1196 470 1245 Voce.
483 1199 506 1245 1.
517 1202 545 1244 et
557 1193 656 1243 Kloek·
695 1205 735 1248 tot
755 1197 888 1261 stipendia
904 1197 1050 1261 accepisse,
1069 1197 1115 1246 aed
1132 1196 1225 1246 secisse

136 1272 181 1321 ian.
197 1289 226 1324 ae
242 1274 289 1323 τοῦ
306 1274 363 1323 lade
380 1272 491 1336 vertigia
509 1279 612 1321 manent
630 1271 656 1320 in
695 1274 883 1325 tantummodo.
908 1274 991 1339 quue
1004 1274 1130 1336 rolnlt,ni
1141 1271 1226 1329 latior,

134 1349 178 1398 iiiia
193 1352 298 1417 neriptia
312 1349 515 1415 ammonendo,
527 1364 586 1413 quae
596 1350 658 1399 ende
695 1357 727 1400 nt·
741 1351 874 1416 rtipendia
895 1350 1052 1414 acceperint,
1072 1363 1123 1399 non
1140 1357 1225 1399 tamen

135 1427 276 1491 proteram
313 1429 400 1481 Quare
411 1427 553 1479 Gebhardo
565 1441 656 1477 vocem
694 1425 825 1491 rtipendia
841 1424 946 1482 leclrre.
958 1435 987 1476 ut
1003 1426 1104 1477 acilicet
1119 1423 1226 1488 proder-

133 1503 182 1553 irde
201 1506 295 1556 iterum
315 1504 415 1555 delenti
436 1503 583 1555 consentire
605 1517 655 1552 non
693 1508 734 1552 aet
750 1503 801 1553 illis
817 1503 1004 1567 stipendiorum
1024 1515 1145 1552 numeror
1163 1501 1226 1565 legi·

132 1594 236 1643 pmanm
267 1582 403 1645 Ceternm,
421 1582 510 1631 aanor
528 1588 557 1630 et
574 1580 657 1630 exodi·
695 1580 773 1629 timue
795 1579 827 1628 ad
850 1579 961 1629 honores
989 1580 1040 1629 rltc
1066 1578 1226 1642 capiendae!

131 1670 167 1707 ιιι
185 1660 350 1710 scribendum
372 1672 441 1722 erne,
457 1671 507 1707 non
527 1657 594 1707 nraie
612 1656 656 1707 do·
694 1657 767 1708 Nihil
793 1657 884 1707 horum
912 1658 1038 1721 intelligo,
1059 1671 1108 1707 nee
1134 1657 1226 1720 eredo,

132 1734 182 1784 cult
190 1736 335 1800 Dauoquei.
347 1734 380 1785 de
392 1735 518 1797 Orthogr.
527 1741 595 1798 part.
605 1747 658 1782 cec.
693 1749 846 1800 quemqnam
869 1744 985 1785 veterum
1005 1735 1053 1784 ime
1074 1749 1151 1784 aenan
1169 1735 1226 1784 dlx·

131 1810 385 1863 invoce‘Exodur.'
418 1811 498 1861 Certe
517 1808 658 1874 adspiratio
695 1810 748 1860 irre
763 1811 912 1874 ‘stipendia
927 1808 1033 1860 lacere?
1065 1810 1224 1860 certeltod·

130 1900 159 1935 ne
173 1887 199 1937 in
215 1888 268 1939 ullo
283 1887 390 1953 quidem
405 1901 521 1937 meorum
538 1884 657 1936 codicum
694 1887 785 1937 rreilur
797 1887 1035 1936 nullaacctoritate
1046 1900 1138 1937 noram
1149 1887 1226 1950 liujur

130 1972 219 2028 enatat,
229 1965 249 2015 ri
260 1964 397 2028 excerptio
410 1962 475 2014 lidea
486 1963 604 2012 habenda
614 1961 656 2011 cit.
695 1962 817 2028 plrraaeor
829 1963 1070 2027 interpretationem
1082 1963 1227 2014 confirmat.

130 2038 217 2105 Neque
232 2042 293 2106 ejus
310 2042 391 2092 etiam
408 2041 526 2090 meminit
540 2039 657 2090 01011111.
694 2045 730 2095 Et
741 2044 810 2109 qrrod
828 2050 904 2107 putat
915 2050 1034 2093 auctorer
1046 2041 1227 2093 Atellanarum

127 2116 152 2166 in
162 2132 217 2169 exc.
232 2133 266 2168 ea
286 2117 347 2168 eod.
364 2118 523 2169 salmariano
540 2117 613 2166 Suet.
630 2116 656 2166 ln
693 2136 746 2171 non
759 2121 873 2185 potuitne
884 2122 993 2170 lroucrer
1005 2120 1141 2184 consequi,
1151 2119 1184 2169 de
1195 2134 1228 2169 eo

128 2194 214 2245 line.
225 2201 267 2246 ⁴⁵.
286 2203 316 2247 ct
331 2196 407 2245 Dum.
423 2209 446 2245 c.
459 2199 499 2245 10.
533 2195 575 2244 De
594 2208 658 2243 rece
695 2213 779 2264 neque
791 2214 823 2248 er
837 2199 921 2261 Livio,
933 2212 1016 2263 neque
1027 2212 1060 2248 ex
1075 2198 1141 2263 alili,
1153 2197 1228 2264 quid·

129 2270 286 2323 ‘Erotium’
306 2273 367 2323 ride
385 2272 461 2322 Voce.
477 2273 564 2336 Etym·
581 2270 657 2334 Lug.
695 2291 772 2341 qnam
792 2276 876 2325 adhoc
893 2275 984 2325 didici.
1006 2276 1073 2326 Dite.
1111 2275 1228 2326 Acetom

129 2348 181 2398 Lat.
192 2364 310 2401 eavoce.
695 2354 772 2421 V⁰⁸⁸e
793 2361 915 2417 uterque,
935 2353 1009 2402 Leid.
1025 2363 1146 2417 uterque,
1163 2352 1227 2402 Lon.

160 2425 425 2493 Cortertcpaesclellt‘e
433 2424 658 2493 potmtuauttet·
694 2430 817 2496 quinque,
835 2430 909 2480 Port.
926 2427 996 2479 Har.
1008 2436 1035 2480 et
1047 2426 1141 2493 fragm.
1159 2428 1227 2479 ilar.

126 2502 186 2552 loric
197 2507 265 2571 aaut]
283 2507 461 2570 Conspectuqae
475 2504 586 2555 (laertn.
603 2518 658 2553 corr-
694 2509 812 2556 rollemni
829 2521 925 2574 errore.
960 2504 1026 2555 Vide
1044 2505 1077 2554 ad
1095 2507 1228 2569 r.2c.§n.

127 2587 260 2646 unctaque
279 2582 421 2633 Klocltian.
453 2579 559 2630 Deinde
577 2578 658 2630 Artet·
696 2583 756 2634 Non
778 2588 878 2634 tantum
896 2582 965 2631 enim
981 2580 1170 2643 Atellanarum,
1181 2579 1227 2629 red

127 2653 181 2711 1⁰⁸]
194 2657 232 2706 rel
245 2657 365 2718 Atellani,
375 2659 430 2705 unt
439 2651 512 2705 netu.
524 2660 548 2705 1.
560 2655 623 2705 Lcr.
632 2659 657 2704 2.
696 2667 722 2709 et
742 2659 849 2710 aliarum
865 2659 1012 2708 fabrrlarum
1029 2666 1146 2708 anetorea
1164 2656 1228 2707 lusa·

128 2730 198 2781 Port.
208 2741 235 2782 et
249 2734 322 2785 ilar.
357 2732 408 2782 Sed
420 2732 522 2782 literam
539 2732 657 2781 ultimam
696 2737 748 2785 mia
767 2751 817 2786 non
837 2735 1001 2785 notabantur.
1036 2735 1136 2785 Deinde
1149 2735 1229 2785 Auct-

127 2808 167 2855 τοῦ
175 2810 296 2861 Atellanio
313 2810 457 2874 intercepit
473 2809 554 2873 prima
571 2807 658 2872 proal-
695 2813 802 2862 laum
818 2812 895 2861 Port.
910 2811 984 2875 quari
1004 2826 1038 2860 ex
1055 2812 1174 2874 proximo
1191 2812 1228 2861 in·

127 2887 334 2937 marcellam.
366 2883 438 2934 Vide
447 2884 479 2935 ad
491 2896 604 2935 xxxvu.
616 2887 659 2938 29.
696 2887 978 2952 telligeudaerretvcx
993 2887 1150 2938 ‘ludorum'
1176 2887 1229 2938 Sed

127 2958 173 3021 11.
696 2964 1141 3029 recteuulgatumrerrantreliqui.
1165 2965 1230 3015 Sub·

156 3036 216 3100 §12
236 3038 274 3087 Ut
292 3042 386 3088 celerer
402 3035 581 3100 Atellanarum]
605 3036 659 3087 Ne·
698 3043 803 3093 auditur
819 3043 886 3091 enirn
903 3040 1024 3091 ‘labala'
1042 3042 1083 3091 rel
1101 3040 1231 3091 ‘felleum'

126 3111 659 3178 1111111111.11111(13011111111’,1111111111111
697 3119 765 3169 Vide
781 3119 882 3170 Sanctli
902 3119 1014 3169 Minerr.
1032 3132 1072 3169 ιι.
1082 3122 1107 3168 4.
1122 3118 1177 3167 rire
1195 3118 1229 3167 de

127 3189 187 3239 arus
208 3190 319 3243 ludicrae
340 3189 562 3255 pronunciandlve
580 3204 660 3239 011111
697 3195 783 3259 ellipri
806 3196 937 3246 nominum
958 3194 983 3244 in
1005 3208 1070 3244 voce
1091 3192 1230 3244 ‘Fabula'

126 3265 150 3314 in
166 3281 273 3318 reenanr
291 3267 444 3333 prodibant,
460 3265 566 3316 iufamia
585 3274 658 3315 nota·
697 3272 792 3322 Paullo
810 3279 871 3320 ante
886 3285 956 3334 porra
968 3285 1007 3319 rer
1018 3274 1063 3335 ert,
1073 3269 1164 3318 addita
1176 3283 1230 3317 me·

127 3351 174 3406 toa,
192 3347 318 3412 tribuque
333 3351 428 3405 motor,
446 3353 473 3395 et
490 3360 506 3395 a
522 3344 658 3409 rtipendiir
697 3352 740 3402 (11.
752 3366 827 3411 uoce,
840 3352 937 3401 Lem.

125 3428 200 3486 atque
211 3422 355 3472 honoribus
364 3422 480 3486 repulsor
489 3418 577 3470 luisse.
599 3419 659 3469 Hoc
728 3431 742 3494 ς
762 3433 792 3478 lo
812 3428 936 3476 mamm
955 3439 1044 3490 qaoque
1063 3423 1143 3486 primu
1162 3423 1230 3485 otigo

126 3498 217 3549 darium
245 3500 324 3549 multi
349 3499 493 3550 docuerunt
516 3510 550 3547 ex
571 3496 659 3547 edicto
694 3505 804 3570 ponenda
819 3501 927 3565 noceat]
945 3501 1106 3562 Primoorigo
1119 3500 1230 3551 Gaertn.

125 3578 242 3639 lltaelvrlt
258 3576 311 3626 rub
330 3577 372 3627 lll·
389 3577 425 3627 D·
440 3575 473 3626 de
486 3576 533 3632 hir,
545 3575 588 3639 1111ἰ
603 3581 659 3626 1101·
696 3583 755 3632 Vox
776 3581 855 3645 primu
876 3594 937 3630 reru
955 3579 1046 3629 delicit
1066 3582 1092 3628 in
1113 3579 1188 3629 Leid.
1203 3583 1229 3628 1.

124 3651 211 3704 iatam.
232 3668 267 3704 ex
290 3652 419 3703 Cicerone
443 3651 510 3715 apud
535 3651 658 3714 Arrgnrti·
696 3659 778 3708 Male,
805 3656 915 3706 vidend
930 3657 1096 3721 v1.12.§10.
1125 3655 1231 3705 Deinde

125 3744 181 3780 anm
198 3731 233 3781 de
251 3732 312 3781 Cir.
324 3731 375 3780 Dei
394 3743 425 3781 ιι.
438 3733 477 3779 11.
488 3744 520 3779 ec
536 3730 584 3778 lroc
601 3731 659 3779 loco
694 3736 803 3800 ponenda
820 3740 854 3783 at
872 3734 924 3782 τίω
941 3731 1034 3797 fragm,
1051 3733 1119 3782 flav,
1152 3733 1230 3781 0010.

124 3807 200 3871 lalrii,
215 3818 244 3859 et
265 3823 301 3858 ex
317 3807 376 3857 Vcl·
394 3807 469 3856 Mu·
489 3820 522 3855 1¹·
536 3810 560 3856 ⁴·
576 3821 619 3857 01.
635 3808 661 3855 ⁴·
699 3827 755 3862 rum
767 3813 874 3861 ludorum
888 3812 991 3874 primaru
1004 3812 1123 3872 nuncium,
1133 3823 1231 3872 quorum

126 3886 181 3936 Nec
196 3888 343 3953 quidquam
356 3884 428 3936 alind
439 3885 581 3936 reconditae
593 3884 660 3934 anti·
696 3889 776 3952 prime
792 3889 861 3949 origo
876 3889 982 3951 ponendo
995 3887 1047 3935 uiro
1056 3891 1093 3935 ert
1106 3893 1231 3947 corrupte

126 3962 230 4026 quitatis
252 3962 306 4013 rub
328 3962 368 4011 iric
392 3960 476 4010 rerblr
497 3961 564 4010 Liuii
585 3961 660 4010 latet.
698 3962 809 4029 praefert
827 3964 898 4012 Port.
910 3978 956 4026 per
968 3975 1080 4010 errorem
1092 3962 1160 4010 enim
1172 3975 1231 4009 ιιιιιι·

125 4038 220 4089 'lamen
237 4045 359 4104 apertam
375 4052 406 4088 ac
416 4037 558 4100 simplicem
571 4051 660 4087 eornm
698 4038 770 4103 mum,
785 4038 947 4102 proludium,
958 4047 985 4086 et
997 4051 1104 4099 quoram,
1116 4050 1164 4099 pro
1175 4051 1230 4100 quo·

126 4119 282 4167 tententlam
295 4115 369 4163 mlrla
380 4113 464 4164 modic
475 4115 622 4178 implicant,
633 4120 663 4164 et
698 4114 857 4178 paudum
880 4120 928 4163 ert.
966 4113 1066 4164 Quibnr
1085 4111 1232 4161 emendatio

126 4193 317 4254 connumerem
332 4206 407 4256 quor,
422 4200 529 4242 nectunt
546 4193 662 4257 quidam,
700 4196 785 4254 patet,
800 4205 878 4252 vocer
896 4190 1000 4254 primaru
1016 4189 1112 4237 initium
1129 4190 1177 4238 lrue
1195 4189 1232 4235 iu·

127 4266 243 4334 interque
255 4283 304 4318 eoo
317 4267 484 4332 rirplrrrimae
495 4268 661 4324 lecticulam
699 4268 811 4333 reprime
830 4281 862 4316 ex
879 4267 1008 4330 principio
1024 4280 1082 4329 cap.
1099 4279 1155 4325 req.
1172 4280 1231 4326 quta

185 4351 276 4417 Delplr.
285 4355 313 4402 et
326 4349 385 4401 Ver.
391 4349 457 4402 Clau.
627 4349 723 4400 linior.
1092 4349 1123 4395 2t
1142 4345 1167 4396 Η
